<record><leader>00000cas a22000007a 4500</leader><controlfield tag="001">48648544</controlfield><controlfield tag="008">011220c20019999ohuex n       0   a0eng c</controlfield><datafield ind1=" " ind2=" " tag="010"><subfield code="a">  2002211930</subfield></datafield><datafield ind1=" " ind2=" " tag="040"><subfield code="a">OSU</subfield><subfield code="b">eng</subfield><subfield code="c">OSU</subfield><subfield code="d">NSD</subfield><subfield code="d">OCLCQ</subfield><subfield code="d">DLC</subfield><subfield code="d">OCLCF</subfield><subfield code="d">OCLCO</subfield><subfield code="d">OCLCA</subfield></datafield><datafield ind1=" " ind2=" " tag="012"><subfield code="m">0</subfield></datafield><datafield ind1="0" ind2=" " tag="022"><subfield code="a">1540-3742</subfield><subfield code="l">1540-3742</subfield><subfield code="2">1</subfield></datafield><datafield ind1="1" ind2=" " tag="029"><subfield code="a">AU@</subfield><subfield code="b">000023686342</subfield></datafield><datafield ind1=" " ind2=" " tag="037"><subfield code="b">Ohio Farm Bureau Federation, Two Nationwide Plaza, P.O. Box 479, Columbus, Ohio 43216-0479</subfield></datafield><datafield ind1=" " ind2=" " tag="042"><subfield code="a">pcc</subfield><subfield code="a">nsdp</subfield></datafield><datafield ind1="1" ind2="0" tag="082"><subfield code="a">630</subfield><subfield code="2">13</subfield></datafield><datafield ind1=" " ind2=" " tag="090"><subfield code="a">S1</subfield><subfield code="b">.O355</subfield></datafield><datafield ind1="0" ind2=" " tag="130"><subfield code="a">Buckeye farm news (Columbus, Ohio : 2001)</subfield></datafield><datafield ind1="0" ind2=" " tag="210"><subfield code="a">Buckeye farm news</subfield><subfield code="b">(Columb. Ohio, 2001)</subfield></datafield><datafield ind1=" " ind2="0" tag="222"><subfield code="a">Buckeye farm news</subfield><subfield code="b">(Columbus, Ohio. 2001)</subfield></datafield><datafield ind1="0" ind2="0" tag="245"><subfield code="a">Buckeye farm news :</subfield><subfield code="b">a publication of the Ohio Farm Bureau Federation.</subfield></datafield><datafield ind1=" " ind2=" " tag="260"><subfield code="a">Columbus, Ohio :</subfield><subfield code="b">Ohio Farm Bureau Federation,</subfield><subfield code="c">2001-</subfield></datafield><datafield ind1=" " ind2=" " tag="300"><subfield code="a">v. :</subfield><subfield code="b">col. ill. ;</subfield><subfield code="c">43 cm.</subfield></datafield><datafield ind1=" " ind2=" " tag="310"><subfield code="a">Twenty times per year</subfield></datafield><datafield ind1="0" ind2=" " tag="362"><subfield code="a">Vol. 1, issue 1 (Sept. 2001)-</subfield></datafield><datafield ind1=" " ind2=" " tag="500"><subfield code="a">Title from caption.</subfield></datafield><datafield ind1=" " ind2="0" tag="650"><subfield code="a">Agriculture</subfield><subfield code="z">Ohio</subfield><subfield code="v">Newspapers.</subfield></datafield><datafield ind1=" " ind2="7" tag="655"><subfield code="a">Newspapers.</subfield><subfield code="2">fast</subfield><subfield code="0">(OCoLC)fst01423814</subfield></datafield><datafield ind1=" " ind2="7" tag="650"><subfield code="a">Agriculture.</subfield><subfield code="2">fast</subfield><subfield code="0">(OCoLC)fst00801355</subfield></datafield><datafield ind1=" " ind2="7" tag="651"><subfield code="a">Ohio.</subfield><subfield code="2">fast</subfield><subfield code="0">(OCoLC)fst01205075</subfield></datafield><datafield ind1="2" ind2=" " tag="710"><subfield code="a">Ohio Farm Bureau Federation.</subfield></datafield></record>